%! Author = sudharsangopalakrishnan
%! Date = 6/14/21

